@misc{greenwald2013nsa,
  author="Glen Greenwald and Ewen MacAskill and Spencer Ackerman",
  title={{NSA collecting phone records of millions of Verizon customers daily}},
  year={2013},
  month="6~" #jun,
  organization = "\textit{The Guardian}",
  url={http://www.theguardian.com/world/2013/jun/06/nsa-phone-records-verizon-court-order},
  note={{[Accessed Jan. 15, 2014]}}
}
